@BOOK {qw,
    title     = "Handleiding Natuurkundig Practicum",
    publisher = "Technische Universiteit Delft",
    year      = "2017"
}
@URL {wikiwater,
    year    = "2018",
    month   = "nov",
    howpublished= "\url{https://nl.wikipedia.org/wiki/Water}",
}

@article{article_sigmoid,
    author = {Lal, Dr. Shyam and Chandra, Mahesh},
    year = {2014},
    month = {01},
    pages = {96-102},
    title = {Efficient Algorithm for Contrast Enhancement of Natural Images},
    volume = {11},
    journal = {International Arab Journal of Information Technology}
}
@URL {histogram_theory,
    title     = "Image Processing with NI Vision Development Module",
    year      = "2019",
    month     = "mar",
    day       = "5",
    publisher = "National Instruments",
    howpublished= "\url{https://www.ni.com/nl-nl/innovations/white-papers/06/image-processing-with-ni-vision-development-module.html}",
}